<?xml version="1.0" encoding="UTF-8"?><record xmlns="http://www.loc.gov/MARC21/slim" xmlns:cinclude="http://apache.org/cocoon/include/1.0" xmlns:zs="http://www.loc.gov/zing/srw/">
  <leader>00520nz  a2200145n  4500</leader>
  <controlfield tag="001">no2011122444</controlfield>
  <controlfield tag="003">DLC</controlfield>
  <controlfield tag="005">20110811075200.0</controlfield>
  <controlfield tag="008">110809n| acannaabn          |n ana     c</controlfield>
  <datafield tag="010" ind1=" " ind2=" ">
    <subfield code="a">no2011122444</subfield>
  </datafield>
  <datafield tag="035" ind1=" " ind2=" ">
    <subfield code="a">(OCoLC)oca08938560</subfield>
  </datafield>
  <datafield tag="040" ind1=" " ind2=" ">
    <subfield code="a">UkOxU</subfield>
    <subfield code="b">eng</subfield>
    <subfield code="c">UkOxU</subfield>
  </datafield>
  <datafield tag="130" ind1=" " ind2="0">
    <subfield code="a">Testimony (Norwich, England)</subfield>
  </datafield>
  <datafield tag="670" ind1=" " ind2=" ">
    <subfield code="a">Moses, 2011:</subfield>
    <subfield code="b">t.p. verson (The testimony)</subfield>
  </datafield>
  <datafield tag="670" ind1=" " ind2=" ">
    <subfield code="a">Testimony WWW site, Aug. 9, 2011:</subfield>
    <subfield code="b">about page (The testimony is a monthly Christadelphian magazine; est. in 1931and published by the Testimony Committee)</subfield>
  </datafield>
</record>